<record xmlns='http://www.loc.gov/MARC21/slim'><leader>01093cam a2200277   4500</leader><controlfield tag='001'>9914591663506421</controlfield><controlfield tag='005'>20200803215801.0</controlfield><controlfield tag='008'>701118s1970    dcu           000 0 eng  </controlfield><datafield ind1=' ' ind2=' ' tag='010'><subfield code='a'>   78139752  </subfield></datafield><datafield ind1=' ' ind2=' ' tag='035'><subfield code='a'>(OCoLC)ocm00099986</subfield></datafield><datafield ind1=' ' ind2=' ' tag='035'><subfield code='9'>CEL4196TS</subfield></datafield><datafield ind1=' ' ind2=' ' tag='035'><subfield code='a'>1459166</subfield></datafield><datafield ind1=' ' ind2=' ' tag='035'><subfield code='a'>(NjP)1459166-princetondb</subfield></datafield><datafield ind1=' ' ind2=' ' tag='040'><subfield code='a'>DLC</subfield><subfield code='c'>DLC</subfield><subfield code='d'>OCL</subfield><subfield code='d'>PUL</subfield></datafield><datafield ind1=' ' ind2=' ' tag='043'><subfield code='a'>n-us---</subfield></datafield><datafield ind1='0' ind2=' ' tag='050'><subfield code='a'>Z675.U5</subfield><subfield code='b'>B67</subfield></datafield><datafield ind1=' ' ind2=' ' tag='082'><subfield code='a'>025.1</subfield></datafield><datafield ind1='2' ind2=' ' tag='110'><subfield code='a'>Booz, Allen &amp; Hamilton.</subfield></datafield><datafield ind1='1' ind2='0' tag='245'><subfield code='a'>Problems in university library management.</subfield><subfield code='c'>A study conducted for the Association of Research Libraries and the American Council on Education.</subfield></datafield><datafield ind1=' ' ind2=' ' tag='260'><subfield code='a'>Washington,</subfield><subfield code='b'>Association of Research Libraries,</subfield><subfield code='c'>1970.</subfield></datafield><datafield ind1=' ' ind2=' ' tag='300'><subfield code='a'>v, 63 p.</subfield><subfield code='c'>23 cm.</subfield></datafield><datafield ind1=' ' ind2='0' tag='650'><subfield code='a'>Academic libraries</subfield><subfield code='z'>United States</subfield><subfield code='x'>Administration.</subfield><subfield code='0'>http://id.loc.gov/authorities/subjects/sh2009113405</subfield></datafield><datafield ind1='2' ind2=' ' tag='710'><subfield code='a'>Association of Research Libraries.</subfield><subfield code='0'>http://id.loc.gov/authorities/names/n79060791</subfield></datafield><datafield ind1='2' ind2=' ' tag='710'><subfield code='a'>American Council on Education.</subfield><subfield code='0'>http://id.loc.gov/authorities/names/n79053955</subfield></datafield><datafield ind1='0' ind2=' ' tag='852'><subfield code='b'>f</subfield><subfield code='h'>Z675.U5</subfield><subfield code='i'>B67 1970</subfield><subfield code='p'>1672660</subfield><subfield code='x'>reclassed from: 0580.922.198</subfield></datafield><datafield ind1=' ' ind2=' ' tag='947'><subfield code='a'>CEL4196</subfield></datafield><datafield ind1=' ' ind2=' ' tag='911'><subfield code='a'>19990626</subfield></datafield><datafield ind1=' ' ind2=' ' tag='INT'><subfield code='a'>P</subfield></datafield><datafield ind1=' ' ind2=' ' tag='INST'><subfield code='a'>01PRI_INST</subfield></datafield><datafield ind1=' ' ind2=' ' tag='AVA'><subfield code='0'>9914591663506421</subfield><subfield code='8'>2235784350006421</subfield><subfield code='a'>01PRI_INST</subfield><subfield code='b'>recap</subfield><subfield code='c'>Remote Storage</subfield><subfield code='d'>Z675.U5 B67 1970</subfield><subfield code='e'>available</subfield><subfield code='f'>1</subfield><subfield code='g'>0</subfield><subfield code='j'>pa</subfield><subfield code='k'>0</subfield><subfield code='p'>1</subfield><subfield code='q'>ReCAP</subfield></datafield></record>